@article{mpotr,
    author  = "Goldberg Ian and Matthew D. Van Gundy and Berkant Ustaoglu and Hao Chen",
    title   = "Multi-party Off-the-Record Messaging",
    year    = "2009"
}

@unpublished{mpenc,
    author  = "Ximin Luo and Guy Kloss",
    title   = "Multi-party Encrypted Messaging Protocol design document",
}

@article{accum_def,
    author  = "Nelly Fazio and Antonio Nicolosi",
    title   = "Cryptographic Accumulators: Definitions, Constructions and Applications",
    year    = "2002"
}
